%% This BibTeX bibliography file was created using BibDesk.
%% http://bibdesk.sourceforge.net/


%% Created for Pablo Flores Guridi at 2012-11-08 09:59:07 -0200 


%% Saved with string encoding Unicode (UTF-8) 



@article{garciaocon07,
	Author = {J. Garc\'ia Oc\'on},
	Title = {Autocalibraci\'on y sincronizaci\'on de m\'ultiples c\'amaras PLZ},
	Year = {2007}}

@book{furht11,
	Author = {B. Furht},
	Date-Added = {2012-06-15 13:42:37 +0000},
	Date-Modified = {2012-06-15 13:43:32 +0000},
	Title = {The Handbook of Augmented Reality},
	Year = {2011}}

@article{avellone10,
	Author = {C. Avellone and G. Capdehourat},
	Date-Added = {2012-06-15 12:42:51 +0000},
	Date-Modified = {2012-06-15 12:47:17 +0000},
	Title = {Posicionamiento indoor con se\~nales WiFi},
	Year = {2010}}

@article{Daniel03simultaneouspose,
	Author = {Philip David and Daniel Dementhon and Ramani Duraiswami and Hanan Samet},
	Pages = {424--431},
	Title = {Simultaneous Pose and Correspondence Determination using Line Features},
	Year = {2003}}

@article{David02softposit,
	Author = {Philip David and Daniel Dementhon and Ramani Duraiswami and Hanan Samet},
	Pages = {424--431},
	Title = {SoftPOSIT: Simultaneous Pose and Correspondence Determination},
	Year = {2002}}

@article{DeMenthon95,
	Author = {Daniel F. DeMenthon and Larry S. Davis},
	Journal = {International Journal of Computer Vision},
	Pages = {123--141},
	Title = {Model-Based Object Pose in 25 Lines of Code},
	Volume = {15},
	Year = {1995}}
	
@article{CoplanarPosit,
	Acmid = {228149},
	Address = {New York, NY, USA},
	Author = {Oberkampf, Denis and DeMenthon, Daniel F. and Davis, Larry S.},
	Doi = {10.1006/cviu.1996.0037},
	Issn = {1077-3142},
	Issue_Date = {May 1996},
	Journal = {Comput. Vis. Image Underst.},
	Month = {may},
	Number = {3},
	Numpages = {17},
	Pages = {495--511},
	Publisher = {Elsevier Science Inc.},
	Title = {Iterative pose estimation using coplanar feature points},
	Url = {http://dx.doi.org/10.1006/cviu.1996.0037},
	Volume = {63},
	Year = {1996},
	Bdsk-Url-1 = {http://dx.doi.org/10.1006/cviu.1996.0037}}

@article{grompone10,
	Abstract = {We propose a linear-time line segment detector that gives accurate
	results, a controlled number of false detections, and requires no
	parameter tuning. This algorithm is tested and compared to state-of-the-art
	algorithms on a wide set of natural images.},
	Address = {Los Alamitos, CA, USA},
	Author = {Grompone von Gioi, R. and Jakubowicz, J. and Morel, J. M. and Randall, G.},
	Citeulike-Article-Id = {4237725},
	Citeulike-Linkout-0 = {http://doi.ieeecomputersociety.org/10.1109/TPAMI.2008.300},
	Citeulike-Linkout-1 = {http://dx.doi.org/10.1109/TPAMI.2008.300},
	Citeulike-Linkout-2 = {http://ieeexplore.ieee.org/xpls/abs\_all.jsp?arnumber=4731268},
	Doi = {10.1109/TPAMI.2008.300},
	Issn = {0162-8828},
	Journal = {IEEE Transactions on Pattern Analysis and Machine Intelligence},
	Keywords = {gestalt, perception},
	Month = apr,
	Number = {4},
	Pages = {722--732},
	Posted-At = {2010-11-17 19:05:55},
	Priority = {0},
	Publisher = {IEEE Computer Society},
	Title = {LSD: A Fast Line Segment Detector with a False Detection Control},
	Url = {http://dx.doi.org/10.1109/TPAMI.2008.300},
	Volume = {32},
	Year = {2010},
	Bdsk-Url-1 = {http://dx.doi.org/10.1109/TPAMI.2008.300}}

@book{Hartley2004,
	Author = {Hartley, R.~I. and Zisserman, A.},
	Edition = {Second},
	Publisher = {Cambridge University Press, ISBN: 0521540518},
	Title = {Multiple View Geometry in Computer Vision},
	Year = {2004}}

@article{Lepetit05b,
	Author = {V. Lepetit and P. Fua},
	Journal = {Foundations and Trends in Computer Graphics and Vision},
	Number = {1},
	Pages = {1--89},
	Title = {Monocular Model-Based 3D Tracking of Rigid Objects: A Survey},
	Volume = {1},
	Year = {2005}}

@inproceedings{Zhang99:8,
	Author = {Zhengyou Zhang},
	Booktitle = {ICCV},
	Citedby = {0},
	Cites = {0},
	Date-Modified = {2012-11-07 21:38:29 +0000},
	Doi = {http://computer.org/proceedings/iccv/0164/vol 201/01640666abs.htm},
	Pages = {666-673},
	Researchr = {http://researchr.org/publication/Zhang99%3A8},
	Title = {Flexible Camera Calibration by Viewing a Plane from Unknown Orientations},
	Year = {1999},
	Bdsk-Url-1 = {http://computer.org/proceedings/iccv/0164/vol%20201/01640666abs.htm}}
	

@inproceedings{HeikkilaS97,
	Author = {Jane Heikkil{\"a} and Olli Silv{\'e}n},
	Booktitle = {1997 Conference on Computer Vision and Pattern Recognition (CVPR 97), June 17-19, 1997, San Juan, Puerto Rico},
	Citedby = {0},
	Cites = {0},
	Date-Modified = {2012-11-08 11:58:44 +0000},
	Doi = {http://computer.org/proceedings/cvpr/7822/78221106abs.htm},
	Pages = {1106},
	Publisher = {IEEE Computer Society},
	Researchr = {http://researchr.org/publication/HeikkilaS97},
	Title = {A Four-step Camera Calibration Procedure with Implicit Image Correction},
	Year = {1997},
	Bdsk-Url-1 = {http://computer.org/proceedings/cvpr/7822/78221106abs.htm}
}

@misc{camCalib12,
	Author = {Bouguet, Jean-Yves },
	Title = {Camera Calibration Toolbox for Matlab},
	Month = nov,
	Year = {2012},
	Howpublished = {\url{http://www.vision.caltech.edu/bouguetj/calib_doc/}}
}

@InProceedings{PP-Zollner04a, 
  author    = "Helmut {Zollner} and Robert {Sablatnig}", 
  title     = "Comparision of Methods for Geometric Camera
               Calibration using Planar Calibration Targets", 
  booktitle = "Digital Imaging in Media and Education, Proc. of
               the 28th Workshop of the Austrian Association for
               Pattern Recognition (OAGM/AAPR)", 
  editor    = "W. Burger and J. Scharinger", 
  publisher = "Schriftenreihe der OCG", 
  volume    = "179", 
  adress    = "Hagenberg, Austria", 
  year      = "2004", 
  pages     = "237--244"
}

@misc{isgl3d12,
	Author = {Stuart Caunt},
	Title = {ISGL3D homepage},
	Month = nov,
	Year = {2012},
	Howpublished = {\url{http://www.isgl3d.com}}
}


@InProceedings{Tsai86, 
	author    = {R.Y. Tsai}, 
	title     = {An Efficient and Accurate Camera Calibration Technique for 3D Machine Vision.}, 
	booktitle    = {Proceedings of IEEE Conference on Computer Vision and Pattern Recognition}, 
	adress    = {Miami Beach, FL}, 
	year      = {1986}, 
	pages     = {364-374}
}

@inproceedings{abdel1971,
    author = {Abdel-Aziz, Y. I. and Karara, H. M.},
    booktitle = {Proceedings of the Symposium on Close-Range photogrammetry},
    pages = {1-18},
    title = {Direct linear transformation from comparator coordinates into object space coordinates in close-range photogrammetry},
    volume = {1},
    year = {1971}
}

